<record><leader>00000cas a22000007a 4500</leader><controlfield tag="001">53337127</controlfield><controlfield tag="008">031103c200u9999njuwr ne      0   a0eng c</controlfield><datafield ind1=" " ind2=" " tag="010"><subfield code="a">  2003215105</subfield></datafield><datafield ind1=" " ind2=" " tag="040"><subfield code="a">NSD</subfield><subfield code="b">eng</subfield><subfield code="c">NSD</subfield><subfield code="d">OCLCQ</subfield></datafield><datafield ind1=" " ind2=" " tag="012"><subfield code="m">0</subfield></datafield><datafield ind1="1" ind2=" " tag="022"><subfield code="a">1547-3740</subfield><subfield code="l">1547-3740</subfield><subfield code="2">1</subfield></datafield><datafield ind1=" " ind2=" " tag="032"><subfield code="a">021754</subfield><subfield code="b">USPS</subfield></datafield><datafield ind1=" " ind2=" " tag="037"><subfield code="b">Micromedia Publications, P.O. Box 521, Lakehurst, NJ 08733</subfield></datafield><datafield ind1=" " ind2=" " tag="042"><subfield code="a">nsdp</subfield><subfield code="a">pcc</subfield></datafield><datafield ind1="1" ind2="0" tag="050"><subfield code="a">ISSN RECORD</subfield></datafield><datafield ind1=" " ind2="4" tag="222"><subfield code="a">The Brick times</subfield></datafield><datafield ind1="0" ind2="4" tag="245"><subfield code="a">The Brick times.</subfield></datafield><datafield ind1=" " ind2=" " tag="260"><subfield code="a">Lakehurst, N.J. :</subfield><subfield code="b">Micromedia Publications</subfield></datafield><datafield ind1=" " ind2=" " tag="300"><subfield code="a">v.</subfield></datafield><datafield ind1=" " ind2=" " tag="310"><subfield code="a">Weekly</subfield></datafield><datafield ind1=" " ind2=" " tag="500"><subfield code="a">"Serving Brick and Lakewood Townships."</subfield></datafield><datafield ind1=" " ind2=" " tag="588"><subfield code="a">Description based on surrogate of: Vol. 2, no. 9 (May 28, 2003).</subfield></datafield><datafield ind1=" " ind2=" " tag="752"><subfield code="a">United States</subfield><subfield code="b">New Jersey</subfield><subfield code="c">Ocean</subfield><subfield code="d">Brick.</subfield></datafield><datafield ind1=" " ind2=" " tag="752"><subfield code="a">United States</subfield><subfield code="b">New Jersey</subfield><subfield code="c">Ocean</subfield><subfield code="d">Lakewood.</subfield></datafield><datafield ind1="1" ind2=" " tag="029"><subfield code="a">AU@</subfield><subfield code="b">000025098523</subfield></datafield></record>